1346 1723
380 310 405 322 270
653 306 688 322 App.
698 307 704 318 1
712 306 725 320 c,
736 310 747 318 2⁴

378 346 428 366 digiti
441 349 458 362 et
467 346 533 361 articuli
542 346 591 361 simul
599 346 708 366 provenient,
721 346 752 361 sed
761 346 853 366 aliquando
863 346 894 361 soli
903 346 959 366 digiti.
971 346 1023 361 modo

378 378 420 388 vero
433 373 464 388 soli
477 373 547 391 articuli,
560 373 646 388 interdurn
658 375 716 388 autem
727 373 792 392 pariter
805 373 855 392 digiti
867 375 885 387 et
897 372 978 388 articuli'.

425 405 438 415 2.
452 400 492 420 Age
504 405 555 420 ergo:
568 399 688 419 multiplicetur
696 399 788 419 singularis
797 404 877 414 numerus
885 404 916 419 per
925 400 1007 414 decenum
1012 401 1022 417 ³,

378 427 435 447 sitque
447 432 481 442 una
493 427 549 442 unitas
561 426 691 447 multiplicatrix
699 426 716 442 in
725 426 794 441 decenis
808 429 825 441 et
833 426 887 441 altera
896 426 1023 446 multiplicanda

361 458 367 470 5
378 454 395 469 in
407 454 531 474 singularitate,
547 453 666 473 referaturque
682 453 822 468 denominatione
838 453 861 468 ad
872 453 1023 473 multiplicandam,

379 481 428 500 quasi
439 480 530 500 singularis
543 480 565 495 ad
577 480 686 500 singularem,
702 482 721 495 ut
738 480 804 495 dicatur
817 480 870 495 semel
882 484 930 495 unus*
954 479 982 494 Ex
994 480 1023 494 tali

378 507 519 527 multiplicatione
532 507 659 527 quodammodo
672 509 772 522 concrescat
785 506 834 526 quasi
843 506 894 521 tertia
903 506 966 525 unitas,
979 507 1023 526 quac

378 534 464 549 subterius
477 534 570 549 collocetur
584 534 601 549 in
616 533 731 554 singularibus
746 533 814 553 eritque
826 533 872 548 solus
885 533 955 553 digitus.
979 533 1024 548 Hinc

379 566 421 581 ergo
434 561 499 581 digito
513 560 573 576 dabis
585 561 605 578 X,
617 560 635 576 id
648 563 674 575 est
686 561 758 575 eandem
770 560 858 578 unitatem,
872 565 923 579 quam
935 565 967 580 pro
980 560 1023 580 digi—

353 592 368 600 Π)
379 588 401 603 tis
409 588 426 603 in
435 588 551 608 singularibus
560 587 653 605 collocasti,
666 592 724 602 rursus
733 589 820 602 commuta
828 586 845 601 in
856 587 926 601 decenis
935 589 957 604 et,
966 591 1024 606 quem-

379 615 472 630 admodum
491 615 539 634 prius
559 614 683 634 pronuntiabas
703 613 802 633 simpliciter
822 613 889 629 dicens:
910 613 963 628 semel
980 618 1024 628 unus

379 646 422 657 unus
436 644 467 660 est,
480 642 504 656 sic
516 646 561 656 nunc
577 641 665 656 evidenter
682 641 759 656 enuntia:
777 640 834 655 decies
851 645 894 655 unus
907 641 967 655 decem
979 643 1022 655 sunt.

378 668 413 684 Sed
431 673 453 684 ne
471 668 515 683 forte
534 668 639 683 laboriosum
655 668 678 683 sit
693 668 739 682 idem
754 668 786 682 sub
803 667 883 687 exemplo
900 672 932 687 per
948 667 1023 687 singulas

378 698 458 715 repetere
466 695 567 713 sententias,
580 695 646 710 facilius
654 695 682 709 hic
691 694 816 709 discutiendum
827 698 917 709 censemus
926 694 1023 714 singillatim

353 725 367 737 15
379 727 458 742 quosque
469 722 514 737 inter
529 727 548 737 se
560 724 658 737 caracteres
674 720 807 740 multiplicando.
832 720 951 740 Disponantur
965 720 1024 740 itaque

377 753 435 764 rursus
448 749 464 763 in
481 749 550 763 decenis
567 753 610 763 unus
626 748 702 763 binarius
714 747 836 767 multiplicator
852 749 869 762 et
882 747 925 762 alter
937 747 953 762 in
966 747 1023 767 singu-

377 775 440 790 laribus
452 775 596 795 multiplicandus,
612 774 768 794 multipliceturque
784 773 875 794 singularis
891 778 923 793 per
940 774 1023 789 decenum

378 804 395 817 et
411 802 486 817 dicatur:
503 802 529 817 bis
545 801 580 816 bini
597 811 617 812 j
630 804 667 817 ΗΠ,
694 801 727 816 Hic
746 806 788 821 ergo
807 800 932 820 quaternarius,
950 805 973 815 ex
991 800 1023 815 hac

378 828 518 848 multiplicatione
531 830 637 848 procreatus,
654 828 770 843 constituatur
786 827 803 842 in
815 827 936 847 singularitate
949 827 1023 844 inferius,

352 859 369 868 20
378 855 419 875 quia
431 858 457 870 est
469 855 515 870 solus
528 855 596 875 digitus.
610 855 636 870 cui
649 855 698 870 dabis
711 855 776 872 decem,
789 854 823 869 hoc
831 856 858 869 est
867 853 884 869 in
897 854 966 869 decenis
978 853 1023 869 illum

379 882 497 900 commutabis,
510 882 630 902 pronuntians:
639 882 693 897 vicies
701 881 737 896 bini
746 881 783 897 sive
795 882 822 896 bis
831 881 892 901 vig-inti
902 890 922 892 ——
931 883 964 896 XL.
980 881 1023 896 Item

378 914 411 924 uno
424 909 500 924 ternario
512 908 644 928 multiplicatore
657 909 673 923 in
686 908 755 923 decenis
764 908 853 928 alteroque
865 908 994 927 multiplicando
1006 907 1023 922 in

378 935 492 955 singularibus
505 935 595 955 disposito,
612 935 647 950 dic:
664 937 691 950 ter
703 935 747 950 terni
759 937 787 950 ix.
813 934 862 950 Hunc
877 934 988 949 novenarium
1001 938 1023 948 ex

378 962 404 977 his
417 962 521 982 productum
536 962 584 982 prius
600 962 669 982 quidem
682 961 774 976 collocabis
787 961 858 976 inferius
870 961 887 976 in
900 960 1023 980 singularitate,

352 992 367 1004 25
378 989 422 1004 sicut
434 988 512 1008 digitum,
525 989 556 1003 sed
568 993 634 1003 rursum
651 989 693 1003 dans
710 989 725 1003 ei
737 988 797 1003 decem
812 988 907 1003 constitues
924 987 940 1002 in
956 987 1024 1002 decenis

379 1015 446 1030 dicens:
463 1015 520 1030 tricies
537 1015 581 1030 terni
597 1015 624 1030 vel
640 1017 666 1030 ter
682 1015 753 1035 triginta
765 1024 786 1025 j
798 1014 900 1034 nonaginta.
924 1014 967 1029 Item
983 1019 1023 1029 con-

378 1044 471 1061 sequenter
483 1047 535 1057 unum
544 1041 672 1061 quaternarium
684 1041 835 1061 multiplicatorem
846 1046 915 1061 appone
925 1041 942 1056 in
954 1040 1023 1056 decenis

378 1069 485 1088 alterumque
497 1068 643 1088 multiplicandum
655 1068 672 1083 in
685 1068 800 1088 singularibus
813 1071 830 1083 et
842 1068 944 1088 pronuntia:
963 1070 1024 1087 quater

379 1095 458 1115 quaterni
470 1094 536 1111 XVIsslfl'.
560 1095 589 1110 Ex
600 1095 632 1110 hac
645 1095 725 1115 equidem
737 1095 878 1115 multiplicatione
892 1095 946 1110 habes
959 1094 1023 1114 digitos

352 1126 368 1138 30
378 1122 443 1142 pariter
456 1124 473 1137 et
486 1122 572 1137 articulos.
597 1121 686 1137 Constitue
698 1127 741 1142 ergo
754 1122 814 1137 subter
826 1122 843 1136 in
858 1121 927 1136 decenis
940 1121 1023 1136 unitatem

378 1148 503 1169 significantem
519 1150 534 1164 X
549 1153 581 1168 pro
597 1148 669 1163 articulo
685 1151 702 1163 et
720 1148 806 1163 senarium
823 1148 840 1163 in
858 1148 973 1168 singularibus
991 1152 1023 1167 pro

378 1175 441 1195 digito:
455 1180 514 1190 ornnes
526 1175 571 1190 enirn
583 1180 606 1190 ex
622 1175 699 1195 qualibet
714 1175 855 1194 multiplicatione
871 1174 958 1194 procreati
974 1174 1023 1194 digiti

378 1202 447 1222 quidem
459 1202 476 1217 in
489 1202 610 1222 singularibus,
627 1201 693 1217 articuli
707 1207 749 1217 vero
761 1201 778 1217 in
793 1201 862 1216 decenis
875 1204 915 1217 sunt
928 1201 1022 1216 ordinandi.

378 1228 414 1244 Sed
429 1229 446 1243 in
462 1229 493 1243 hac
510 1228 629 1248 dispositione,
648 1229 741 1243 secundum
759 1229 805 1248 quod
823 1228 873 1243 lectio
891 1228 944 1247 jubet,
964 1228 1022 1243 dabis

352 1259 367 1271 35
379 1255 436 1275 digitis
448 1257 462 1271 X
475 1257 495 1270 et
507 1255 601 1270 articulis
614 1257 633 1273 C,
645 1255 662 1270 id
671 1258 697 1270 est
705 1255 794 1273 unitatem,
808 1260 852 1274 quae
863 1254 920 1270 fuerat
928 1254 1022 1269 constituta

378 1282 394 1297 in
407 1282 475 1297 decenis
488 1286 519 1301 pro
528 1281 605 1300 articulo,
614 1282 727 1297 commutabis
736 1281 753 1297 in
762 1281 844 1299 centenis,
857 1281 942 1296 senarium
953 1286 1022 1300 quoque

379 1308 451 1328 digitum
463 1308 551 1323 amovebis
564 1308 585 1323 de
594 1308 709 1328 singularibus
720 1308 737 1323 in
745 1308 814 1323 decenis
824 1311 841 1323 et
849 1308 904 1323 dices:
918 1308 1022 1327 quadragies

425 1378 436 1387 2,
446 1375 465 1387 cc.
476 1375 531 1387 emm,
543 1375 577 1390 App,
587 1375 628 1389 mx,
638 1375 665 1387 110⁴
671 1378 682 1387 2.

425 1400 436 1412 3‚
447 1397 466 1409 cr.
477 1397 533 1409 eomm.
544 1398 578 1413 App,
589 1397 628 1411 ιω,
640 1397 685 1411 [[ηη
695 1397 734 1409 cera
745 1397 779 1412 neg,
790 1397 816 1411 Li,
