<?xml version="1.0" encoding="UTF-8"?>
<!DOCTYPE html PUBLIC "-//W3C//DTD XHTML 1.0 Transitional//EN"
    "http://www.w3.org/TR/xhtml1/DTD/xhtml1-transitional.dtd">
<html xmlns="http://www.w3.org/1999/xhtml" xml:lang="en" lang="en">
 <head>
  <title>
</title>
<meta http-equiv="Content-Type" content="text/html;charset=utf-8" />
  <meta name='ocr-system' content='tesseract 3.04.00' />
  <meta name='ocr-capabilities' content='ocr_page ocr_carea ocr_par ocr_line ocrx_word'/>
</head>
<body>
  <div class='ocr_page' id='page_1' title='image "./gerbertiposteas00sylvgoog_0384.png"; bbox 0 0 1346 1723; ppageno 0'>
   <div class='ocr_carea' id='block_1_1' title="bbox 359 578 374 587">
    <p class='ocr_par' dir='ltr' id='par_1_1' title="bbox 359 578 374 587">
     <span class='ocr_line' id='line_1_1' title="bbox 359 578 374 587; baseline 0 0"><span class='ocrx_word' id='word_1_1' title='bbox 359 578 374 587; x_wconf 84' lang='lat'>10</span> 
     </span>
    </p>
   </div>
   <div class='ocr_carea' id='block_1_2' title="bbox 360 711 374 724">
    <p class='ocr_par' dir='ltr' id='par_1_2' title="bbox 360 711 374 724">
     <span class='ocr_line' id='line_1_2' title="bbox 360 711 374 724; baseline 0 0"><span class='ocrx_word' id='word_1_2' title='bbox 360 711 374 724; x_wconf 77' lang='lat'>¹5</span> 
     </span>
    </p>
   </div>
   <div class='ocr_carea' id='block_1_3' title="bbox 359 845 376 854">
    <p class='ocr_par' dir='ltr' id='par_1_3' title="bbox 359 845 376 854">
     <span class='ocr_line' id='line_1_3' title="bbox 359 845 376 854; baseline 0 0"><span class='ocrx_word' id='word_1_3' title='bbox 359 845 376 854; x_wconf 81' lang='lat'>20</span> 
     </span>
    </p>
   </div>
   <div class='ocr_carea' id='block_1_4' title="bbox 361 1112 377 1124">
    <p class='ocr_par' dir='ltr' id='par_1_4' title="bbox 361 1112 377 1124">
     <span class='ocr_line' id='line_1_4' title="bbox 361 1112 377 1124; baseline 0 -3"><span class='ocrx_word' id='word_1_4' title='bbox 361 1112 377 1124; x_wconf 75' lang='lat'>30</span> 
     </span>
    </p>
   </div>
   <div class='ocr_carea' id='block_1_5' title="bbox 362 1245 377 1257">
    <p class='ocr_par' dir='ltr' id='par_1_5' title="bbox 362 1245 377 1257">
     <span class='ocr_line' id='line_1_5' title="bbox 362 1245 377 1257; baseline 0 0"><span class='ocrx_word' id='word_1_5' title='bbox 362 1245 377 1257; x_wconf 59' lang='grc' dir='ltr'>ὃ)</span> 
     </span>
    </p>
   </div>
   <div class='ocr_carea' id='block_1_6' title="bbox 383 290 753 306">
    <p class='ocr_par' dir='ltr' id='par_1_6' title="bbox 383 290 753 306">
     <span class='ocr_line' id='line_1_6' title="bbox 383 290 753 306; baseline -0.005 -2"><span class='ocrx_word' id='word_1_6' title='bbox 383 293 408 304; x_wconf 67' lang='lat' dir='ltr'>ibo</span> <span class='ocrx_word' id='word_1_7' title='bbox 657 291 692 306; x_wconf 77' lang='lat' dir='ltr'>App.</span> <span class='ocrx_word' id='word_1_8' title='bbox 703 291 709 302; x_wconf 77' lang='grc' dir='ltr'>Ι</span> <span class='ocrx_word' id='word_1_9' title='bbox 717 290 731 304; x_wconf 82' lang='lat' dir='ltr'>c,</span> <span class='ocrx_word' id='word_1_10' title='bbox 743 293 753 302; x_wconf 86' lang='lat'>1.</span> 
     </span>
    </p>
   </div>
   <div class='ocr_carea' id='block_1_7' title="bbox 383 329 1032 964">
    <p class='ocr_par' dir='ltr' id='par_1_7' title="bbox 383 329 1032 964">
     <span class='ocr_line' id='line_1_7' title="bbox 383 329 1029 352; baseline -0.005 -5"><span class='ocrx_word' id='word_1_11' title='bbox 383 332 445 352; x_wconf 86' lang='lat' dir='ltr'>quibus</span> <span class='ocrx_word' id='word_1_12' title='bbox 457 332 479 346; x_wconf 72' lang='lat' dir='ltr'>VI</span> <span class='ocrx_word' id='word_1_13' title='bbox 497 331 553 351; x_wconf 80' lang='lat' dir='ltr'>aptati</span> <span class='ocrx_word' id='word_1_14' title='bbox 570 330 612 346; x_wconf 78' lang='lat' dir='ltr'>fiunt</span> <span class='ocrx_word' id='word_1_15' title='bbox 628 331 681 348; x_wconf 76' lang='lat' dir='ltr'>VHH,</span> <span class='ocrx_word' id='word_1_16' title='bbox 699 332 716 345; x_wconf 87' lang='lat' dir='ltr'>et</span> <span class='ocrx_word' id='word_1_17' title='bbox 732 330 755 345; x_wconf 86' lang='lat' dir='ltr'>ob</span> <span class='ocrx_word' id='word_1_18' title='bbox 770 330 804 345; x_wconf 80' lang='lat' dir='ltr'>hoc</span> <span class='ocrx_word' id='word_1_19' title='bbox 821 334 853 350; x_wconf 82' lang='lat' dir='ltr'>pro</span> <span class='ocrx_word' id='word_1_20' title='bbox 870 329 896 345; x_wconf 87' lang='lat' dir='ltr'>his</span> <span class='ocrx_word' id='word_1_21' title='bbox 913 331 1029 344; x_wconf 76' lang='lat' dir='ltr'>commutetur</span> 
     </span>
     <span class='ocr_line' id='line_1_8' title="bbox 383 356 1028 376; baseline -0.003 -3"><span class='ocrx_word' id='word_1_22' title='bbox 383 358 491 373; x_wconf 74' lang='lat' dir='ltr'>novenarius.</span> <span class='ocrx_word' id='word_1_23' title='bbox 515 358 582 373; x_wconf 85' lang='lat' dir='ltr'>Deinde</span> <span class='ocrx_word' id='word_1_24' title='bbox 593 359 695 372; x_wconf 76' lang='lat' dir='ltr'>amoveatur</span> <span class='ocrx_word' id='word_1_25' title='bbox 703 356 783 376; x_wconf 82' lang='lat' dir='ltr'>superior</span> <span class='ocrx_word' id='word_1_26' title='bbox 793 359 832 371; x_wconf 80' lang='lat' dir='ltr'>rota</span> <span class='ocrx_word' id='word_1_27' title='bbox 841 356 862 371; x_wconf 90' lang='lat' dir='ltr'>de</span> <span class='ocrx_word' id='word_1_28' title='bbox 871 356 948 371; x_wconf 77' lang='lat' dir='ltr'><strong>centenis</strong></span> <span class='ocrx_word' id='word_1_29' title='bbox 956 356 1028 371; x_wconf 83' lang='lat' dir='ltr'>millenis</span> 
     </span>
     <span class='ocr_line' id='line_1_9' title="bbox 383 383 1028 403; baseline -0.005 -3"><span class='ocrx_word' id='word_1_30' title='bbox 383 385 400 400; x_wconf 89' lang='lat' dir='ltr'>in</span> <span class='ocrx_word' id='word_1_31' title='bbox 417 384 486 400; x_wconf 79' lang='lat' dir='ltr'>decenis</span> <span class='ocrx_word' id='word_1_32' title='bbox 502 384 573 399; x_wconf 85' lang='lat' dir='ltr'>millenis</span> <span class='ocrx_word' id='word_1_33' title='bbox 589 389 641 403; x_wconf 81' lang='lat' dir='ltr'>supra</span> <span class='ocrx_word' id='word_1_34' title='bbox 656 383 785 403; x_wconf 84' lang='lat' dir='ltr'>quaternarium</span> <span class='ocrx_word' id='word_1_35' title='bbox 801 383 842 398; x_wconf 87' lang='lat' dir='ltr'>inibi</span> <span class='ocrx_word' id='word_1_36' title='bbox 854 383 963 403; x_wconf 80' lang='lat' dir='ltr'>dispositum,</span> <span class='ocrx_word' id='word_1_37' title='bbox 979 385 998 398; x_wconf 89' lang='lat' dir='ltr'>ut</span> <span class='ocrx_word' id='word_1_38' title='bbox 1011 385 1028 397; x_wconf 93' lang='lat' dir='ltr'>et</span> 
     </span>
     <span class='ocr_line' id='line_1_10' title="bbox 384 409 1028 427; baseline -0.005 0"><span class='ocrx_word' id='word_1_39' title='bbox 384 412 412 427; x_wconf 88' lang='lat' dir='ltr'>hic</span> <span class='ocrx_word' id='word_1_40' title='bbox 428 412 450 427; x_wconf 82' lang='lat' dir='ltr'>ad</span> <span class='ocrx_word' id='word_1_41' title='bbox 466 411 551 427; x_wconf 84' lang='lat' dir='ltr'>senarium</span> <span class='ocrx_word' id='word_1_42' title='bbox 567 411 584 426; x_wconf 86' lang='lat' dir='ltr'>in</span> <span class='ocrx_word' id='word_1_43' title='bbox 600 411 661 426; x_wconf 84' lang='lat' dir='ltr'>eadem</span> <span class='ocrx_word' id='word_1_44' title='bbox 677 410 718 425; x_wconf 87' lang='lat' dir='ltr'>sede</span> <span class='ocrx_word' id='word_1_45' title='bbox 731 410 843 425; x_wconf 82' lang='lat' dir='ltr'>constitutum</span> <span class='ocrx_word' id='word_1_46' title='bbox 856 409 960 425; x_wconf 77' lang='lat' dir='ltr'>conferatur.</span> <span class='ocrx_word' id='word_1_47' title='bbox 984 409 1028 424; x_wconf 79' lang='lat' dir='ltr'>Nam</span> 
     </span>
     <span class='ocr_line' id='line_1_11' title="bbox 383 436 1027 458; baseline -0.003 -5"><span class='ocrx_word' id='word_1_48' title='bbox 383 440 445 458; x_wconf 87' lang='lat' dir='ltr'>quater</span> <span class='ocrx_word' id='word_1_49' title='bbox 457 438 493 453; x_wconf 89' lang='lat' dir='ltr'>seni</span> <span class='ocrx_word' id='word_1_50' title='bbox 505 440 545 453; x_wconf 81' lang='lat' dir='ltr'>sunt</span> <span class='ocrx_word' id='word_1_51' title='bbox 556 438 626 453; x_wconf 83' lang='lat' dir='ltr'>XXHH.</span> <span class='ocrx_word' id='word_1_52' title='bbox 650 437 678 452; x_wconf 81' lang='lat' dir='ltr'>Ex</span> <span class='ocrx_word' id='word_1_53' title='bbox 690 437 717 452; x_wconf 87' lang='lat' dir='ltr'>his</span> <span class='ocrx_word' id='word_1_54' title='bbox 729 438 760 451; x_wconf 83' lang='lat' dir='ltr'>XX</span> <span class='ocrx_word' id='word_1_55' title='bbox 772 436 841 456; x_wconf 81' lang='lat' dir='ltr'>quidem</span> <span class='ocrx_word' id='word_1_56' title='bbox 854 441 885 456; x_wconf 89' lang='lat' dir='ltr'>per</span> <span class='ocrx_word' id='word_1_57' title='bbox 899 436 984 451; x_wconf 83' lang='lat' dir='ltr'>binarium</span> <span class='ocrx_word' id='word_1_58' title='bbox 996 441 1027 456; x_wconf 82' lang='lat' dir='ltr'>pro</span> 
     </span>
     <span class='ocr_line' id='line_1_12' title="bbox 383 463 1029 484; baseline -0.003 -4"><span class='ocrx_word' id='word_1_59' title='bbox 383 465 459 480; x_wconf 77' lang='lat' dir='ltr'>articulis</span> <span class='ocrx_word' id='word_1_60' title='bbox 475 465 491 480; x_wconf 90' lang='lat' dir='ltr'>in</span> <span class='ocrx_word' id='word_1_61' title='bbox 508 464 577 479; x_wconf 86' lang='lat' dir='ltr'>decenis</span> <span class='ocrx_word' id='word_1_62' title='bbox 593 464 648 484; x_wconf 82' lang='lat' dir='ltr'>primo</span> <span class='ocrx_word' id='word_1_63' title='bbox 664 466 705 479; x_wconf 88' lang='lat' dir='ltr'>sunt</span> <span class='ocrx_word' id='word_1_64' title='bbox 720 463 821 483; x_wconf 86' lang='lat' dir='ltr'>aecipiendi,</span> <span class='ocrx_word' id='word_1_65' title='bbox 839 464 871 478; x_wconf 71' lang='lat'>1111</span> <span class='ocrx_word' id='word_1_66' title='bbox 883 468 925 478; x_wconf 81' lang='lat' dir='ltr'>vero</span> <span class='ocrx_word' id='word_1_67' title='bbox 940 463 957 478; x_wconf 87' lang='lat' dir='ltr'>in</span> <span class='ocrx_word' id='word_1_68' title='bbox 970 463 1029 483; x_wconf 75' lang='lat' dir='ltr'>singu-</span> 
     </span>
     <span class='ocr_line' id='line_1_13' title="bbox 384 489 1029 511; baseline -0.005 -4"><span class='ocrx_word' id='word_1_69' title='bbox 384 492 448 507; x_wconf 75' lang='lat' dir='ltr'>laribus</span> <span class='ocrx_word' id='word_1_70' title='bbox 464 496 495 511; x_wconf 79' lang='lat' dir='ltr'>pro</span> <span class='ocrx_word' id='word_1_71' title='bbox 512 491 575 511; x_wconf 79' lang='lat' dir='ltr'>digitis,</span> <span class='ocrx_word' id='word_1_72' title='bbox 592 493 609 506; x_wconf 92' lang='lat' dir='ltr'>et</span> <span class='ocrx_word' id='word_1_73' title='bbox 625 490 707 510; x_wconf 83' lang='lat' dir='ltr'>quoniam</span> <span class='ocrx_word' id='word_1_74' title='bbox 723 490 742 505; x_wconf 82' lang='lat' dir='ltr'>fit</span> <span class='ocrx_word' id='word_1_75' title='bbox 757 490 876 510; x_wconf 71' lang='lat' dir='ltr'>multiplicatio</span> <span class='ocrx_word' id='word_1_76' title='bbox 893 489 954 505; x_wconf 86' lang='lat' dir='ltr'>deceni</span> <span class='ocrx_word' id='word_1_77' title='bbox 966 489 1029 504; x_wconf 89' lang='lat' dir='ltr'>milleni</span> 
     </span>
     <span class='ocr_line' id='line_1_14' title="bbox 383 516 1029 539; baseline -0.005 -5"><span class='ocrx_word' id='word_1_78' title='bbox 383 524 414 539; x_wconf 82' lang='lat' dir='ltr'>per</span> <span class='ocrx_word' id='word_1_79' title='bbox 430 519 513 534; x_wconf 81' lang='lat' dir='ltr'>decenum</span> <span class='ocrx_word' id='word_1_80' title='bbox 529 517 619 536; x_wconf 83' lang='lat' dir='ltr'>millenum,</span> <span class='ocrx_word' id='word_1_81' title='bbox 636 517 730 532; x_wconf 75' lang='lat' dir='ltr'>secundum</span> <span class='ocrx_word' id='word_1_82' title='bbox 745 516 823 537; x_wconf 80' lang='lat' dir='ltr'>regulam</span> <span class='ocrx_word' id='word_1_83' title='bbox 839 516 918 532; x_wconf 74' lang='lat' dir='ltr'>titulatae</span> <span class='ocrx_word' id='word_1_84' title='bbox 932 516 1029 531; x_wconf 87' lang='lat' dir='ltr'>sententiae</span> 
     </span>
     <span class='ocr_line' id='line_1_15' title="bbox 384 543 1028 565; baseline -0.003 -5"><span class='ocrx_word' id='word_1_85' title='bbox 384 546 444 561; x_wconf 77' lang='lat' dir='ltr'>dentur</span> <span class='ocrx_word' id='word_1_86' title='bbox 457 545 516 565; x_wconf 79' lang='lat' dir='ltr'>digitis</span> <span class='ocrx_word' id='word_1_87' title='bbox 528 544 593 560; x_wconf 83' lang='lat' dir='ltr'>centies</span> <span class='ocrx_word' id='word_1_88' title='bbox 605 544 650 559; x_wconf 88' lang='lat' dir='ltr'>mille</span> <span class='ocrx_word' id='word_1_89' title='bbox 661 544 713 559; x_wconf 81' lang='lat' dir='ltr'>millia</span> <span class='ocrx_word' id='word_1_90' title='bbox 725 546 742 559; x_wconf 92' lang='lat' dir='ltr'>et</span> <span class='ocrx_word' id='word_1_91' title='bbox 755 543 831 559; x_wconf 71' lang='lat' dir='ltr'>articulis</span> <span class='ocrx_word' id='word_1_92' title='bbox 843 543 903 558; x_wconf 87' lang='lat' dir='ltr'>millies</span> <span class='ocrx_word' id='word_1_93' title='bbox 915 543 960 558; x_wconf 88' lang='lat' dir='ltr'>mille</span> <span class='ocrx_word' id='word_1_94' title='bbox 972 543 1028 559; x_wconf 87' lang='lat' dir='ltr'>millia.</span> 
     </span>
     <span class='ocr_line' id='line_1_16' title="bbox 384 570 1028 592; baseline -0.005 -4"><span class='ocrx_word' id='word_1_95' title='bbox 384 572 419 588; x_wconf 78' lang='lat' dir='ltr'>Sed</span> <span class='ocrx_word' id='word_1_96' title='bbox 431 572 513 592; x_wconf 87' lang='lat' dir='ltr'>quoniam</span> <span class='ocrx_word' id='word_1_97' title='bbox 529 571 545 587; x_wconf 88' lang='lat' dir='ltr'>in</span> <span class='ocrx_word' id='word_1_98' title='bbox 561 571 626 586; x_wconf 84' lang='lat' dir='ltr'>eisdem</span> <span class='ocrx_word' id='word_1_99' title='bbox 642 571 713 586; x_wconf 85' lang='lat' dir='ltr'>sedibus</span> <span class='ocrx_word' id='word_1_100' title='bbox 729 571 777 590; x_wconf 80' lang='lat' dir='ltr'>prius</span> <span class='ocrx_word' id='word_1_101' title='bbox 789 570 817 585; x_wconf 91' lang='lat' dir='ltr'>alii</span> <span class='ocrx_word' id='word_1_102' title='bbox 829 572 945 590; x_wconf 84' lang='lat' dir='ltr'>pervenerant</span> <span class='ocrx_word' id='word_1_103' title='bbox 957 570 1028 588; x_wconf 85' lang='lat' dir='ltr'>numeri,</span> 
     </span>
     <span class='ocr_line' id='line_1_17' title="bbox 383 596 1029 619; baseline -0.003 -5"><span class='ocrx_word' id='word_1_104' title='bbox 383 599 420 619; x_wconf 84' lang='lat' dir='ltr'>jure</span> <span class='ocrx_word' id='word_1_105' title='bbox 432 599 464 614; x_wconf 92' lang='lat' dir='ltr'>illis</span> <span class='ocrx_word' id='word_1_106' title='bbox 476 599 547 619; x_wconf 87' lang='lat' dir='ltr'>aptandi</span> <span class='ocrx_word' id='word_1_107' title='bbox 559 600 607 613; x_wconf 72' lang='lat' dir='ltr'>sunt‘</span> <span class='ocrx_word' id='word_1_108' title='bbox 619 597 653 613; x_wconf 82' lang='lat' dir='ltr'>isti.</span> <span class='ocrx_word' id='word_1_109' title='bbox 676 597 721 613; x_wconf 84' lang='lat' dir='ltr'>Nam</span> <span class='ocrx_word' id='word_1_110' title='bbox 731 597 748 612; x_wconf 89' lang='lat' dir='ltr'>in</span> <span class='ocrx_word' id='word_1_111' title='bbox 761 597 826 612; x_wconf 84' lang='lat' dir='ltr'>centies</span> <span class='ocrx_word' id='word_1_112' title='bbox 838 597 882 612; x_wconf 71' lang='lat' dir='ltr'>mille</span> <span class='ocrx_word' id='word_1_113' title='bbox 894 596 972 615; x_wconf 78' lang='lat' dir='ltr'>millibus,</span> <span class='ocrx_word' id='word_1_114' title='bbox 985 596 1029 612; x_wconf 78' lang='lat' dir='ltr'>sieut</span> 
     </span>
     <span class='ocr_line' id='line_1_18' title="bbox 384 623 1028 645; baseline -0.005 -4"><span class='ocrx_word' id='word_1_115' title='bbox 384 626 460 641; x_wconf 81' lang='lat' dir='ltr'>binarius</span> <span class='ocrx_word' id='word_1_116' title='bbox 473 628 490 641; x_wconf 81' lang='lat' dir='ltr'>et</span> <span class='ocrx_word' id='word_1_117' title='bbox 502 625 626 645; x_wconf 86' lang='lat' dir='ltr'>quaternarius,</span> <span class='ocrx_word' id='word_1_118' title='bbox 643 624 672 644; x_wconf 85' lang='lat' dir='ltr'>qui</span> <span class='ocrx_word' id='word_1_119' title='bbox 688 624 745 640; x_wconf 86' lang='lat' dir='ltr'>cuncti</span> <span class='ocrx_word' id='word_1_120' title='bbox 761 624 827 639; x_wconf 84' lang='lat' dir='ltr'>faciunt</span> <span class='ocrx_word' id='word_1_121' title='bbox 841 624 932 642; x_wconf 72' lang='lat' dir='ltr'>senarium,</span> <span class='ocrx_word' id='word_1_122' title='bbox 949 623 978 643; x_wconf 87' lang='lat' dir='ltr'>qui</span> <span class='ocrx_word' id='word_1_123' title='bbox 990 624 1028 639; x_wconf 86' lang='lat' dir='ltr'>loco</span> 
     </span>
     <span class='ocr_line' id='line_1_19' title="bbox 384 651 1029 672; baseline -0.005 -4"><span class='ocrx_word' id='word_1_124' title='bbox 384 658 443 668; x_wconf 81' lang='lat' dir='ltr'>eorum</span> <span class='ocrx_word' id='word_1_125' title='bbox 456 655 482 668; x_wconf 82' lang='lat' dir='ltr'>est</span> <span class='ocrx_word' id='word_1_126' title='bbox 494 652 621 672; x_wconf 76' lang='lat' dir='ltr'>subrogandus,</span> <span class='ocrx_word' id='word_1_127' title='bbox 634 651 650 666; x_wconf 92' lang='lat' dir='ltr'>in</span> <span class='ocrx_word' id='word_1_128' title='bbox 663 651 722 666; x_wconf 86' lang='lat' dir='ltr'>millies</span> <span class='ocrx_word' id='word_1_129' title='bbox 733 651 777 666; x_wconf 86' lang='lat' dir='ltr'>mille</span> <span class='ocrx_word' id='word_1_130' title='bbox 785 651 858 666; x_wconf 84' lang='lat' dir='ltr'>millibus</span> <span class='ocrx_word' id='word_1_131' title='bbox 867 655 909 666; x_wconf 81' lang='lat' dir='ltr'>vero</span> <span class='ocrx_word' id='word_1_132' title='bbox 918 653 958 666; x_wconf 83' lang='lat' dir='ltr'>sunt</span> <span class='ocrx_word' id='word_1_133' title='bbox 966 655 1029 666; x_wconf 82' lang='lat' dir='ltr'>novem</span> 
     </span>
     <span class='ocr_line' id='line_1_20' title="bbox 385 677 1029 699; baseline -0.003 -5"><span class='ocrx_word' id='word_1_134' title='bbox 385 682 403 695; x_wconf 82' lang='lat' dir='ltr'>et</span> <span class='ocrx_word' id='word_1_135' title='bbox 415 680 454 697; x_wconf 81' lang='lat' dir='ltr'>duo,</span> <span class='ocrx_word' id='word_1_136' title='bbox 467 679 496 699; x_wconf 79' lang='lat' dir='ltr'>qui</span> <span class='ocrx_word' id='word_1_137' title='bbox 507 678 570 699; x_wconf 55' lang='lat' dir='ltr'>junctis</span> <span class='ocrx_word' id='word_1_138' title='bbox 582 678 648 693; x_wconf 86' lang='lat' dir='ltr'>faciunt</span> <span class='ocrx_word' id='word_1_139' title='bbox 655 679 683 693; x_wconf 79' lang='lat' dir='ltr'>XT.</span> <span class='ocrx_word' id='word_1_140' title='bbox 707 678 731 693; x_wconf 88' lang='lat' dir='ltr'>Es</span> <span class='ocrx_word' id='word_1_141' title='bbox 743 678 770 693; x_wconf 80' lang='lat' dir='ltr'>his</span> <span class='ocrx_word' id='word_1_142' title='bbox 783 677 870 692; x_wconf 81' lang='lat' dir='ltr'>denariam</span> <span class='ocrx_word' id='word_1_143' title='bbox 879 677 967 695; x_wconf 76' lang='lat' dir='ltr'>unitatem,</span> <span class='ocrx_word' id='word_1_144' title='bbox 980 677 1029 697; x_wconf 82' lang='lat' dir='ltr'>quasi</span> 
     </span>
     <span class='ocr_line' id='line_1_21' title="bbox 385 703 1030 725; baseline -0.005 -4"><span class='ocrx_word' id='word_1_145' title='bbox 385 707 402 721; x_wconf 86' lang='lat' dir='ltr'>in</span> <span class='ocrx_word' id='word_1_146' title='bbox 414 706 457 721; x_wconf 82' lang='lat' dir='ltr'>alios</span> <span class='ocrx_word' id='word_1_147' title='bbox 469 705 550 720; x_wconf 78' lang='lat' dir='ltr'>articulos</span> <span class='ocrx_word' id='word_1_148' title='bbox 563 707 698 725; x_wconf 67' lang='lat' dir='ltr'>augmentatam,</span> <span class='ocrx_word' id='word_1_149' title='bbox 715 704 789 719; x_wconf 85' lang='lat' dir='ltr'>transfer</span> <span class='ocrx_word' id='word_1_150' title='bbox 804 704 822 719; x_wconf 87' lang='lat' dir='ltr'>in</span> <span class='ocrx_word' id='word_1_151' title='bbox 838 704 895 719; x_wconf 90' lang='lat' dir='ltr'>decies</span> <span class='ocrx_word' id='word_1_152' title='bbox 911 704 971 719; x_wconf 81' lang='lat' dir='ltr'>millies</span> <span class='ocrx_word' id='word_1_153' title='bbox 985 703 1030 719; x_wconf 74' lang='lat' dir='ltr'>mille</span> 
     </span>
     <span class='ocr_line' id='line_1_22' title="bbox 385 730 1029 752; baseline -0.005 -4"><span class='ocrx_word' id='word_1_154' title='bbox 385 733 464 751; x_wconf 77' lang='lat' dir='ltr'>millibus,</span> <span class='ocrx_word' id='word_1_155' title='bbox 483 732 511 747; x_wconf 88' lang='lat' dir='ltr'>ubi</span> <span class='ocrx_word' id='word_1_156' title='bbox 529 732 577 752; x_wconf 81' lang='lat' dir='ltr'>prius</span> <span class='ocrx_word' id='word_1_157' title='bbox 593 731 713 751; x_wconf 77' lang='lat' dir='ltr'>quaternarius</span> <span class='ocrx_word' id='word_1_158' title='bbox 731 731 787 746; x_wconf 80' lang='lat' dir='ltr'>fuerat</span> <span class='ocrx_word' id='word_1_159' title='bbox 803 731 903 749; x_wconf 81' lang='lat' dir='ltr'>collocatus,</span> <span class='ocrx_word' id='word_1_160' title='bbox 919 735 951 750; x_wconf 85' lang='lat' dir='ltr'>pro</span> <span class='ocrx_word' id='word_1_161' title='bbox 967 730 1029 750; x_wconf 88' lang='lat' dir='ltr'>quibus</span> 
     </span>
     <span class='ocr_line' id='line_1_23' title="bbox 385 757 1030 779; baseline -0.005 -4"><span class='ocrx_word' id='word_1_162' title='bbox 385 759 449 775; x_wconf 82' lang='lat' dir='ltr'>ibidem</span> <span class='ocrx_word' id='word_1_163' title='bbox 461 759 549 779; x_wconf 83' lang='lat' dir='ltr'>quinarius</span> <span class='ocrx_word' id='word_1_164' title='bbox 559 760 658 778; x_wconf 83' lang='lat' dir='ltr'>reponatur,</span> <span class='ocrx_word' id='word_1_165' title='bbox 671 758 725 773; x_wconf 78' lang='lat' dir='ltr'>altera</span> <span class='ocrx_word' id='word_1_166' title='bbox 733 762 775 773; x_wconf 84' lang='lat' dir='ltr'>vero</span> <span class='ocrx_word' id='word_1_167' title='bbox 784 757 841 772; x_wconf 85' lang='lat' dir='ltr'>unitas</span> <span class='ocrx_word' id='word_1_168' title='bbox 850 757 909 772; x_wconf 89' lang='lat' dir='ltr'>sedern</span> <span class='ocrx_word' id='word_1_169' title='bbox 917 757 977 772; x_wconf 87' lang='lat' dir='ltr'>millies</span> <span class='ocrx_word' id='word_1_170' title='bbox 985 757 1030 772; x_wconf 85' lang='lat' dir='ltr'>mille</span> 
     </span>
     <span class='ocr_line' id='line_1_24' title="bbox 385 784 1030 804; baseline -0.005 -3"><span class='ocrx_word' id='word_1_171' title='bbox 385 786 454 801; x_wconf 83' lang='lat' dir='ltr'>millium</span> <span class='ocrx_word' id='word_1_172' title='bbox 472 785 556 801; x_wconf 87' lang='lat' dir='ltr'>obtineat.</span> <span class='ocrx_word' id='word_1_173' title='bbox 585 785 653 800; x_wconf 78' lang='lat' dir='ltr'>Rursus</span> <span class='ocrx_word' id='word_1_174' title='bbox 671 784 815 804; x_wconf 78' lang='lat' dir='ltr'>multiplicatriee‘</span> <span class='ocrx_word' id='word_1_175' title='bbox 835 786 874 799; x_wconf 78' lang='lat' dir='ltr'>rota</span> <span class='ocrx_word' id='word_1_176' title='bbox 891 788 943 804; x_wconf 79' lang='lat' dir='ltr'>supra</span> <span class='ocrx_word' id='word_1_177' title='bbox 961 786 1030 803; x_wconf 88' lang='lat' dir='ltr'>quater-</span> 
     </span>
     <span class='ocr_line' id='line_1_25' title="bbox 385 810 1031 830; baseline -0.003 -3"><span class='ocrx_word' id='word_1_178' title='bbox 385 813 451 827; x_wconf 86' lang='lat' dir='ltr'>narium</span> <span class='ocrx_word' id='word_1_179' title='bbox 463 812 480 827; x_wconf 90' lang='lat' dir='ltr'>in</span> <span class='ocrx_word' id='word_1_180' title='bbox 493 812 563 827; x_wconf 78' lang='lat' dir='ltr'>millenis</span> <span class='ocrx_word' id='word_1_181' title='bbox 575 814 646 830; x_wconf 80' lang='lat' dir='ltr'>remota,</span> <span class='ocrx_word' id='word_1_182' title='bbox 663 811 744 826; x_wconf 86' lang='lat' dir='ltr'>inferiore</span> <span class='ocrx_word' id='word_1_183' title='bbox 756 816 797 826; x_wconf 76' lang='lat' dir='ltr'>vero</span> <span class='ocrx_word' id='word_1_184' title='bbox 810 815 862 830; x_wconf 84' lang='lat' dir='ltr'>supra</span> <span class='ocrx_word' id='word_1_185' title='bbox 874 810 960 825; x_wconf 90' lang='lat' dir='ltr'>senarium</span> <span class='ocrx_word' id='word_1_186' title='bbox 972 810 990 825; x_wconf 90' lang='lat' dir='ltr'>in</span> <span class='ocrx_word' id='word_1_187' title='bbox 1002 811 1031 825; x_wconf 90' lang='lat' dir='ltr'>de-</span> 
     </span>
     <span class='ocr_line' id='line_1_26' title="bbox 386 837 1031 858; baseline -0.005 -4"><span class='ocrx_word' id='word_1_188' title='bbox 386 839 433 854; x_wconf 84' lang='lat' dir='ltr'>cenis</span> <span class='ocrx_word' id='word_1_189' title='bbox 445 838 516 854; x_wconf 74' lang='lat' dir='ltr'>millenis</span> <span class='ocrx_word' id='word_1_190' title='bbox 528 840 613 856; x_wconf 88' lang='lat' dir='ltr'>manente,</span> <span class='ocrx_word' id='word_1_191' title='bbox 625 837 726 858; x_wconf 81' lang='lat' dir='ltr'>pronuntia:</span> <span class='ocrx_word' id='word_1_192' title='bbox 743 839 804 857; x_wconf 79' lang='lat' dir='ltr'>quater</span> <span class='ocrx_word' id='word_1_193' title='bbox 816 837 853 852; x_wconf 85' lang='lat' dir='ltr'>seni</span> <span class='ocrx_word' id='word_1_194' title='bbox 865 838 934 853; x_wconf 82' lang='lat' dir='ltr'>XXHH.</span> <span class='ocrx_word' id='word_1_195' title='bbox 959 837 986 852; x_wconf 81' lang='lat' dir='ltr'>Ex</span> <span class='ocrx_word' id='word_1_196' title='bbox 998 837 1031 855; x_wconf 78' lang='lat' dir='ltr'>his,</span> 
     </span>
     <span class='ocr_line' id='line_1_27' title="bbox 385 864 1032 886; baseline -0.003 -5"><span class='ocrx_word' id='word_1_197' title='bbox 385 868 403 881; x_wconf 94' lang='lat' dir='ltr'>ut</span> <span class='ocrx_word' id='word_1_198' title='bbox 417 871 475 886; x_wconf 84' lang='lat' dir='ltr'>supra,</span> <span class='ocrx_word' id='word_1_199' title='bbox 488 865 549 885; x_wconf 77' lang='lat' dir='ltr'>viginti</span> <span class='ocrx_word' id='word_1_200' title='bbox 565 870 597 885; x_wconf 88' lang='lat' dir='ltr'>pro</span> <span class='ocrx_word' id='word_1_201' title='bbox 614 865 690 880; x_wconf 79' lang='lat' dir='ltr'>articulis</span> <span class='ocrx_word' id='word_1_202' title='bbox 706 867 723 879; x_wconf 92' lang='lat' dir='ltr'>et</span> <span class='ocrx_word' id='word_1_203' title='bbox 740 867 813 884; x_wconf 78' lang='lat' dir='ltr'>quatuor</span> <span class='ocrx_word' id='word_1_204' title='bbox 825 869 857 884; x_wconf 83' lang='lat' dir='ltr'>pro</span> <span class='ocrx_word' id='word_1_205' title='bbox 870 864 929 884; x_wconf 82' lang='lat' dir='ltr'>digitis</span> <span class='ocrx_word' id='word_1_206' title='bbox 941 866 1032 879; x_wconf 76' lang='lat' dir='ltr'>teneantur</span> 
     </span>
     <span class='ocr_line' id='line_1_28' title="bbox 385 890 1032 912; baseline -0.005 -4"><span class='ocrx_word' id='word_1_207' title='bbox 385 895 407 910; x_wconf 88' lang='lat' dir='ltr'>et,</span> <span class='ocrx_word' id='word_1_208' title='bbox 424 892 464 912; x_wconf 85' lang='lat' dir='ltr'>quia</span> <span class='ocrx_word' id='word_1_209' title='bbox 480 892 557 907; x_wconf 86' lang='lat' dir='ltr'>millenus</span> <span class='ocrx_word' id='word_1_210' title='bbox 573 897 605 911; x_wconf 74' lang='lat' dir='ltr'>per</span> <span class='ocrx_word' id='word_1_211' title='bbox 621 892 704 907; x_wconf 83' lang='lat' dir='ltr'>decenum</span> <span class='ocrx_word' id='word_1_212' title='bbox 722 891 807 906; x_wconf 87' lang='lat' dir='ltr'>millenum</span> <span class='ocrx_word' id='word_1_213' title='bbox 825 890 951 910; x_wconf 68' lang='lat' dir='ltr'>multiplicatur,</span> <span class='ocrx_word' id='word_1_214' title='bbox 969 891 1032 906; x_wconf 77' lang='lat' dir='ltr'>dentur</span> 
     </span>
     <span class='ocr_line' id='line_1_29' title="bbox 385 917 1031 939; baseline -0.003 -5"><span class='ocrx_word' id='word_1_215' title='bbox 385 919 444 939; x_wconf 78' lang='lat' dir='ltr'>digitis</span> <span class='ocrx_word' id='word_1_216' title='bbox 460 919 517 934; x_wconf 83' lang='lat' dir='ltr'>decies</span> <span class='ocrx_word' id='word_1_217' title='bbox 533 918 577 933; x_wconf 82' lang='lat' dir='ltr'>mille</span> <span class='ocrx_word' id='word_1_218' title='bbox 594 918 644 933; x_wconf 86' lang='lat' dir='ltr'>millia</span> <span class='ocrx_word' id='word_1_219' title='bbox 660 920 678 933; x_wconf 89' lang='lat' dir='ltr'>et</span> <span class='ocrx_word' id='word_1_220' title='bbox 693 917 768 933; x_wconf 77' lang='lat' dir='ltr'>articulis</span> <span class='ocrx_word' id='word_1_221' title='bbox 784 917 849 932; x_wconf 80' lang='lat' dir='ltr'>centies</span> <span class='ocrx_word' id='word_1_222' title='bbox 865 917 909 932; x_wconf 88' lang='lat' dir='ltr'>mille</span> <span class='ocrx_word' id='word_1_223' title='bbox 926 917 982 932; x_wconf 86' lang='lat' dir='ltr'>millia.</span> <span class='ocrx_word' id='word_1_224' title='bbox 1006 917 1031 932; x_wconf 89' lang='lat' dir='ltr'>At</span> 
     </span>
     <span class='ocr_line' id='line_1_30' title="bbox 385 943 1032 964; baseline -0.005 -3"><span class='ocrx_word' id='word_1_225' title='bbox 385 946 403 961; x_wconf 88' lang='lat' dir='ltr'>in</span> <span class='ocrx_word' id='word_1_226' title='bbox 418 945 476 961; x_wconf 81' lang='lat' dir='ltr'>decies</span> <span class='ocrx_word' id='word_1_227' title='bbox 492 945 536 960; x_wconf 86' lang='lat' dir='ltr'>mille</span> <span class='ocrx_word' id='word_1_228' title='bbox 552 945 625 960; x_wconf 87' lang='lat' dir='ltr'>millibus</span> <span class='ocrx_word' id='word_1_229' title='bbox 641 944 687 964; x_wconf 82' lang='lat' dir='ltr'>prius</span> <span class='ocrx_word' id='word_1_230' title='bbox 704 947 819 964; x_wconf 79' lang='lat' dir='ltr'>pervenerant</span> <span class='ocrx_word' id='word_1_231' title='bbox 834 945 870 961; x_wconf 86' lang='lat' dir='ltr'>VH,</span> <span class='ocrx_word' id='word_1_232' title='bbox 891 943 953 963; x_wconf 84' lang='lat' dir='ltr'>quibus</span> <span class='ocrx_word' id='word_1_233' title='bbox 970 944 983 959; x_wconf 81' lang='lat' dir='ltr'>si</span> <span class='ocrx_word' id='word_1_234' title='bbox 999 944 1032 958; x_wconf 81' lang='lat' dir='ltr'>hos</span> 
     </span>
    </p>
   </div>
   <div class='ocr_carea' id='block_1_8' title="bbox 360 970 1032 993">
    <p class='ocr_par' dir='ltr' id='par_1_8' title="bbox 360 970 1032 993">
     <span class='ocr_line' id='line_1_31' title="bbox 360 970 1032 993; baseline -0.004 -5"><span class='ocrx_word' id='word_1_235' title='bbox 360 978 366 984; x_wconf 69' lang='lat'><em>⁵</em></span> <span class='ocrx_word' id='word_1_236' title='bbox 386 975 461 993; x_wconf 80' lang='lat' dir='ltr'>quatuor</span> <span class='ocrx_word' id='word_1_237' title='bbox 473 972 564 990; x_wconf 79' lang='lat' dir='ltr'>addideris,</span> <span class='ocrx_word' id='word_1_238' title='bbox 576 971 619 987; x_wconf 75' lang='lat' dir='ltr'>fient</span> <span class='ocrx_word' id='word_1_239' title='bbox 627 972 655 990; x_wconf 80' lang='lat' dir='ltr'>XI,</span> <span class='ocrx_word' id='word_1_240' title='bbox 668 976 678 986; x_wconf 92' lang='lat' dir='ltr'>e</span> <span class='ocrx_word' id='word_1_241' title='bbox 686 971 748 991; x_wconf 86' lang='lat' dir='ltr'>quibus</span> <span class='ocrx_word' id='word_1_242' title='bbox 759 971 844 986; x_wconf 72' lang='lat' dir='ltr'>unitatem</span> <span class='ocrx_word' id='word_1_243' title='bbox 852 970 958 989; x_wconf 62' lang='lat' dir='ltr'>singularem</span> <span class='ocrx_word' id='word_1_244' title='bbox 970 970 1032 985; x_wconf 86' lang='lat' dir='ltr'>eodem</span> 
     </span>
    </p>
   </div>
   <div class='ocr_carea' id='block_1_9' title="bbox 386 997 1034 1233">
    <p class='ocr_par' dir='ltr' id='par_1_9' title="bbox 386 997 1034 1233">
     <span class='ocr_line' id='line_1_32' title="bbox 386 997 1032 1019; baseline -0.005 -5"><span class='ocrx_word' id='word_1_245' title='bbox 386 1000 423 1015; x_wconf 81' lang='lat' dir='ltr'>loco</span> <span class='ocrx_word' id='word_1_246' title='bbox 436 1004 515 1019; x_wconf 83' lang='lat' dir='ltr'>repones,</span> <span class='ocrx_word' id='word_1_247' title='bbox 532 998 604 1013; x_wconf 77' lang='lat' dir='ltr'>alteram</span> <span class='ocrx_word' id='word_1_248' title='bbox 619 1003 661 1013; x_wconf 84' lang='lat' dir='ltr'>vero</span> <span class='ocrx_word' id='word_1_249' title='bbox 678 998 766 1015; x_wconf 81' lang='lat' dir='ltr'>unitatem,</span> <span class='ocrx_word' id='word_1_250' title='bbox 781 998 796 1012; x_wconf 82' lang='lat' dir='ltr'>X</span> <span class='ocrx_word' id='word_1_251' title='bbox 808 997 940 1017; x_wconf 81' lang='lat' dir='ltr'>significantem,</span> <span class='ocrx_word' id='word_1_252' title='bbox 953 997 1003 1017; x_wconf 81' lang='lat' dir='ltr'>quasi</span> <span class='ocrx_word' id='word_1_253' title='bbox 1015 997 1032 1012; x_wconf 84' lang='lat' dir='ltr'>in</span> 
     </span>
     <span class='ocr_line' id='line_1_33' title="bbox 387 1023 1032 1043; baseline -0.005 -2"><span class='ocrx_word' id='word_1_254' title='bbox 387 1026 467 1041; x_wconf 81' lang='lat' dir='ltr'>articulos</span> <span class='ocrx_word' id='word_1_255' title='bbox 483 1025 526 1040; x_wconf 83' lang='lat' dir='ltr'>alios</span> <span class='ocrx_word' id='word_1_256' title='bbox 543 1027 617 1043; x_wconf 77' lang='lat' dir='ltr'>auctam,</span> <span class='ocrx_word' id='word_1_257' title='bbox 633 1024 728 1040; x_wconf 78' lang='lat' dir='ltr'>transferes</span> <span class='ocrx_word' id='word_1_258' title='bbox 744 1024 761 1039; x_wconf 93' lang='lat' dir='ltr'>in</span> <span class='ocrx_word' id='word_1_259' title='bbox 778 1024 843 1039; x_wconf 80' lang='lat' dir='ltr'>centies</span> <span class='ocrx_word' id='word_1_260' title='bbox 855 1024 899 1039; x_wconf 81' lang='lat' dir='ltr'>mille</span> <span class='ocrx_word' id='word_1_261' title='bbox 912 1023 989 1041; x_wconf 75' lang='lat' dir='ltr'>millibus,</span> <span class='ocrx_word' id='word_1_262' title='bbox 1003 1023 1032 1038; x_wconf 88' lang='lat' dir='ltr'>ubi</span> 
     </span>
     <span class='ocr_line' id='line_1_34' title="bbox 386 1050 1033 1070; baseline -0.005 -2"><span class='ocrx_word' id='word_1_263' title='bbox 386 1058 409 1068; x_wconf 81' lang='lat' dir='ltr'>ex</span> <span class='ocrx_word' id='word_1_264' title='bbox 421 1053 448 1068; x_wconf 83' lang='lat' dir='ltr'>his</span> <span class='ocrx_word' id='word_1_265' title='bbox 460 1053 491 1067; x_wconf 85' lang='lat' dir='ltr'>XX</span> <span class='ocrx_word' id='word_1_266' title='bbox 502 1052 558 1067; x_wconf 83' lang='lat' dir='ltr'>habes</span> <span class='ocrx_word' id='word_1_267' title='bbox 570 1057 622 1067; x_wconf 88' lang='lat' dir='ltr'>unum</span> <span class='ocrx_word' id='word_1_268' title='bbox 634 1051 719 1067; x_wconf 81' lang='lat' dir='ltr'>binarium</span> <span class='ocrx_word' id='word_1_269' title='bbox 731 1053 749 1066; x_wconf 83' lang='lat' dir='ltr'>et</span> <span class='ocrx_word' id='word_1_270' title='bbox 761 1056 784 1066; x_wconf 76' lang='lat' dir='ltr'>ex</span> <span class='ocrx_word' id='word_1_271' title='bbox 796 1051 882 1066; x_wconf 84' lang='lat' dir='ltr'>anteriore</span> <span class='ocrx_word' id='word_1_272' title='bbox 891 1050 1033 1070; x_wconf 80' lang='lat' dir='ltr'>multiplicatione</span> 
     </span>
     <span class='ocr_line' id='line_1_35' title="bbox 387 1077 1033 1099; baseline -0.005 -4"><span class='ocrx_word' id='word_1_273' title='bbox 387 1085 439 1095; x_wconf 87' lang='lat' dir='ltr'>unum</span> <span class='ocrx_word' id='word_1_274' title='bbox 457 1079 548 1097; x_wconf 83' lang='lat' dir='ltr'>senarium,</span> <span class='ocrx_word' id='word_1_275' title='bbox 567 1079 596 1099; x_wconf 88' lang='lat' dir='ltr'>qui</span> <span class='ocrx_word' id='word_1_276' title='bbox 612 1078 667 1099; x_wconf 82' lang='lat' dir='ltr'>juncti</span> <span class='ocrx_word' id='word_1_277' title='bbox 684 1078 749 1093; x_wconf 80' lang='lat' dir='ltr'>faciunt</span> <span class='ocrx_word' id='word_1_278' title='bbox 763 1079 808 1093; x_wconf 79' lang='lat' dir='ltr'>VHL</span> <span class='ocrx_word' id='word_1_279' title='bbox 835 1077 901 1097; x_wconf 78' lang='lat' dir='ltr'>Quibus</span> <span class='ocrx_word' id='word_1_280' title='bbox 920 1077 1033 1097; x_wconf 84' lang='lat' dir='ltr'>superaddita</span> 
     </span>
     <span class='ocr_line' id='line_1_36' title="bbox 386 1104 1033 1125; baseline -0.003 -4"><span class='ocrx_word' id='word_1_281' title='bbox 386 1107 419 1122; x_wconf 83' lang='lat' dir='ltr'>hae</span> <span class='ocrx_word' id='word_1_282' title='bbox 431 1106 497 1121; x_wconf 80' lang='lat' dir='ltr'>unitate</span> <span class='ocrx_word' id='word_1_283' title='bbox 510 1105 552 1121; x_wconf 83' lang='lat' dir='ltr'>fiunt</span> <span class='ocrx_word' id='word_1_284' title='bbox 564 1106 617 1123; x_wconf 84' lang='lat' dir='ltr'>VHH,</span> <span class='ocrx_word' id='word_1_285' title='bbox 633 1105 707 1125; x_wconf 83' lang='lat' dir='ltr'>ideoque</span> <span class='ocrx_word' id='word_1_286' title='bbox 723 1104 748 1119; x_wconf 85' lang='lat' dir='ltr'>his</span> <span class='ocrx_word' id='word_1_287' title='bbox 764 1104 835 1119; x_wconf 80' lang='lat' dir='ltr'>sublatis</span> <span class='ocrx_word' id='word_1_288' title='bbox 850 1104 914 1119; x_wconf 83' lang='lat' dir='ltr'>ibidem</span> <span class='ocrx_word' id='word_1_289' title='bbox 928 1104 1033 1119; x_wconf 70' lang='lat' dir='ltr'>novenarius</span> 
     </span>
     <span class='ocr_line' id='line_1_37' title="bbox 387 1130 1033 1152; baseline -0.005 -4"><span class='ocrx_word' id='word_1_290' title='bbox 387 1133 494 1148; x_wconf 78' lang='lat' dir='ltr'>adhibeatur.</span> <span class='ocrx_word' id='word_1_291' title='bbox 517 1132 561 1147; x_wconf 83' lang='lat' dir='ltr'>Item</span> <span class='ocrx_word' id='word_1_292' title='bbox 573 1132 679 1152; x_wconf 82' lang='lat' dir='ltr'>superiorem</span> <span class='ocrx_word' id='word_1_293' title='bbox 691 1134 747 1146; x_wconf 84' lang='lat' dir='ltr'>rotam</span> <span class='ocrx_word' id='word_1_294' title='bbox 760 1133 843 1146; x_wconf 80' lang='lat' dir='ltr'>converte</span> <span class='ocrx_word' id='word_1_295' title='bbox 854 1135 907 1150; x_wconf 83' lang='lat' dir='ltr'>supra</span> <span class='ocrx_word' id='word_1_296' title='bbox 919 1130 1004 1145; x_wconf 86' lang='lat' dir='ltr'>binarium</span> <span class='ocrx_word' id='word_1_297' title='bbox 1016 1130 1033 1145; x_wconf 91' lang='lat' dir='ltr'>in</span> 
     </span>
     <span class='ocr_line' id='line_1_38' title="bbox 387 1157 1034 1177; baseline -0.006 -2"><span class='ocrx_word' id='word_1_298' title='bbox 387 1159 469 1177; x_wconf 84' lang='lat' dir='ltr'>centenis,</span> <span class='ocrx_word' id='word_1_299' title='bbox 481 1161 501 1174; x_wconf 89' lang='lat' dir='ltr'>ut</span> <span class='ocrx_word' id='word_1_300' title='bbox 513 1161 530 1174; x_wconf 88' lang='lat' dir='ltr'>et</span> <span class='ocrx_word' id='word_1_301' title='bbox 538 1158 566 1174; x_wconf 82' lang='lat' dir='ltr'>hic</span> <span class='ocrx_word' id='word_1_302' title='bbox 575 1158 674 1174; x_wconf 76' lang='lat' dir='ltr'>conferatur</span> <span class='ocrx_word' id='word_1_303' title='bbox 682 1158 704 1173; x_wconf 86' lang='lat' dir='ltr'>ad</span> <span class='ocrx_word' id='word_1_304' title='bbox 714 1158 799 1173; x_wconf 79' lang='lat' dir='ltr'>senarium</span> <span class='ocrx_word' id='word_1_305' title='bbox 810 1157 922 1172; x_wconf 77' lang='lat' dir='ltr'>constitutum</span> <span class='ocrx_word' id='word_1_306' title='bbox 934 1157 951 1172; x_wconf 86' lang='lat' dir='ltr'>in</span> <span class='ocrx_word' id='word_1_307' title='bbox 964 1157 1034 1172; x_wconf 71' lang='lat' dir='ltr'>decenis</span> 
     </span>
     <span class='ocr_line' id='line_1_39' title="bbox 387 1183 1033 1206; baseline -0.005 -5"><span class='ocrx_word' id='word_1_308' title='bbox 387 1186 463 1201; x_wconf 86' lang='lat' dir='ltr'>millenis.</span> <span class='ocrx_word' id='word_1_309' title='bbox 487 1186 533 1206; x_wconf 82' lang='lat' dir='ltr'>Ergo</span> <span class='ocrx_word' id='word_1_310' title='bbox 550 1186 576 1200; x_wconf 84' lang='lat' dir='ltr'>bis</span> <span class='ocrx_word' id='word_1_311' title='bbox 592 1186 628 1200; x_wconf 88' lang='lat' dir='ltr'>seni</span> <span class='ocrx_word' id='word_1_312' title='bbox 644 1187 684 1200; x_wconf 85' lang='lat' dir='ltr'>sunt</span> <span class='ocrx_word' id='word_1_313' title='bbox 697 1185 733 1200; x_wconf 67' lang='grc' dir='ltr'>ΧΠ4</span> <span class='ocrx_word' id='word_1_314' title='bbox 758 1184 786 1199; x_wconf 77' lang='lat' dir='ltr'>Ex</span> <span class='ocrx_word' id='word_1_315' title='bbox 802 1184 864 1204; x_wconf 84' lang='lat' dir='ltr'>quibus</span> <span class='ocrx_word' id='word_1_316' title='bbox 880 1183 914 1199; x_wconf 85' lang='lat' dir='ltr'>duo</span> <span class='ocrx_word' id='word_1_317' title='bbox 930 1188 961 1203; x_wconf 88' lang='lat' dir='ltr'>pro</span> <span class='ocrx_word' id='word_1_318' title='bbox 974 1183 1033 1203; x_wconf 85' lang='lat' dir='ltr'>digitis</span> 
     </span>
     <span class='ocr_line' id='line_1_40' title="bbox 387 1210 1034 1233; baseline -0.005 -5"><span class='ocrx_word' id='word_1_319' title='bbox 387 1213 456 1233; x_wconf 85' lang='lat' dir='ltr'>sumpti,</span> <span class='ocrx_word' id='word_1_320' title='bbox 472 1213 532 1227; x_wconf 79' lang='lat' dir='ltr'>decem</span> <span class='ocrx_word' id='word_1_321' title='bbox 548 1217 589 1227; x_wconf 83' lang='lat' dir='ltr'>vero</span> <span class='ocrx_word' id='word_1_322' title='bbox 606 1217 638 1232; x_wconf 83' lang='lat' dir='ltr'>pro</span> <span class='ocrx_word' id='word_1_323' title='bbox 654 1211 734 1229; x_wconf 83' lang='lat' dir='ltr'>articulis,</span> <span class='ocrx_word' id='word_1_324' title='bbox 751 1216 792 1226; x_wconf 82' lang='lat' dir='ltr'>mox</span> <span class='ocrx_word' id='word_1_325' title='bbox 808 1210 859 1231; x_wconf 78' lang='lat' dir='ltr'>digiti</span> <span class='ocrx_word' id='word_1_326' title='bbox 876 1210 945 1230; x_wconf 85' lang='lat' dir='ltr'>quidem</span> <span class='ocrx_word' id='word_1_327' title='bbox 960 1210 977 1225; x_wconf 89' lang='lat' dir='ltr'>in</span> <span class='ocrx_word' id='word_1_328' title='bbox 989 1210 1034 1225; x_wconf 86' lang='lat' dir='ltr'>mille</span> 
     </span>
    </p>
   </div>
   <div class='ocr_carea' id='block_1_10' title="bbox 372 1236 1034 1258">
    <p class='ocr_par' dir='ltr' id='par_1_10' title="bbox 372 1236 1034 1258">
     <span class='ocr_line' id='line_1_41' title="bbox 372 1236 1034 1258; baseline -0.005 -4"><span class='ocrx_word' id='word_1_329' title='bbox 372 1245 376 1248; x_wconf 62' lang='grc'><strong><em>’</em></strong></span> <span class='ocrx_word' id='word_1_330' title='bbox 388 1239 460 1254; x_wconf 86' lang='lat' dir='ltr'>millibus</span> <span class='ocrx_word' id='word_1_331' title='bbox 473 1244 511 1254; x_wconf 83' lang='lat' dir='ltr'>cum</span> <span class='ocrx_word' id='word_1_332' title='bbox 523 1239 606 1258; x_wconf 72' lang='lat' dir='ltr'>quinario,</span> <span class='ocrx_word' id='word_1_333' title='bbox 619 1243 642 1253; x_wconf 73' lang='lat' dir='ltr'>ex</span> <span class='ocrx_word' id='word_1_334' title='bbox 654 1238 706 1258; x_wconf 82' lang='lat' dir='ltr'>priori</span> <span class='ocrx_word' id='word_1_335' title='bbox 719 1237 860 1257; x_wconf 81' lang='lat' dir='ltr'>multiplicatione</span> <span class='ocrx_word' id='word_1_336' title='bbox 869 1237 932 1252; x_wconf 82' lang='lat' dir='ltr'>ibidem</span> <span class='ocrx_word' id='word_1_337' title='bbox 943 1236 1034 1254; x_wconf 74' lang='lat' dir='ltr'>collocato,</span> 
     </span>
    </p>
   </div>
   <div class='ocr_carea' id='block_1_11' title="bbox 387 1263 1034 1336">
    <p class='ocr_par' dir='ltr' id='par_1_11' title="bbox 387 1263 1034 1336">
     <span class='ocr_line' id='line_1_42' title="bbox 387 1263 1034 1286; baseline -0.005 -5"><span class='ocrx_word' id='word_1_338' title='bbox 387 1263 481 1286; x_wconf 73' lang='lat' dir='ltr'>jungantur</span> <span class='ocrx_word' id='word_1_339' title='bbox 497 1268 514 1280; x_wconf 89' lang='lat' dir='ltr'>et</span> <span class='ocrx_word' id='word_1_340' title='bbox 530 1270 561 1285; x_wconf 86' lang='lat' dir='ltr'>pro</span> <span class='ocrx_word' id='word_1_341' title='bbox 577 1265 604 1280; x_wconf 88' lang='lat' dir='ltr'>his</span> <span class='ocrx_word' id='word_1_342' title='bbox 620 1264 728 1284; x_wconf 79' lang='lat' dir='ltr'>septenarius</span> <span class='ocrx_word' id='word_1_343' title='bbox 741 1266 860 1281; x_wconf 79' lang='lat' dir='ltr'>commutetur,</span> <span class='ocrx_word' id='word_1_344' title='bbox 878 1263 944 1278; x_wconf 79' lang='lat' dir='ltr'>articuli</span> <span class='ocrx_word' id='word_1_345' title='bbox 956 1268 1004 1281; x_wconf 83' lang='lat' dir='ltr'>vero,</span> <span class='ocrx_word' id='word_1_346' title='bbox 1017 1263 1034 1278; x_wconf 87' lang='lat' dir='ltr'>id</span> 
     </span>
     <span class='ocr_line' id='line_1_43' title="bbox 388 1290 1033 1312; baseline -0.006 -4"><span class='ocrx_word' id='word_1_347' title='bbox 388 1295 425 1308; x_wconf 82' lang='lat' dir='ltr'>estu</span> <span class='ocrx_word' id='word_1_348' title='bbox 437 1293 502 1310; x_wconf 76' lang='lat' dir='ltr'>decem,</span> <span class='ocrx_word' id='word_1_349' title='bbox 519 1297 550 1312; x_wconf 87' lang='lat' dir='ltr'>per</span> <span class='ocrx_word' id='word_1_350' title='bbox 566 1291 649 1306; x_wconf 88' lang='lat' dir='ltr'>unitatem</span> <span class='ocrx_word' id='word_1_351' title='bbox 665 1292 681 1306; x_wconf 87' lang='lat' dir='ltr'>in</span> <span class='ocrx_word' id='word_1_352' title='bbox 698 1291 755 1306; x_wconf 78' lang='lat' dir='ltr'>decies</span> <span class='ocrx_word' id='word_1_353' title='bbox 771 1290 816 1305; x_wconf 86' lang='lat' dir='ltr'>mille</span> <span class='ocrx_word' id='word_1_354' title='bbox 828 1290 901 1305; x_wconf 84' lang='lat' dir='ltr'>millibus</span> <span class='ocrx_word' id='word_1_355' title='bbox 914 1290 1033 1310; x_wconf 75' lang='lat' dir='ltr'>disponantur,</span> 
     </span>
     <span class='ocr_line' id='line_1_44' title="bbox 388 1317 1034 1336; baseline -0.005 -2"><span class='ocrx_word' id='word_1_356' title='bbox 388 1319 418 1334; x_wconf 78' lang='lat' dir='ltr'>ubi</span> <span class='ocrx_word' id='word_1_357' title='bbox 432 1323 449 1334; x_wconf 87' lang='lat' dir='ltr'>et</span> <span class='ocrx_word' id='word_1_358' title='bbox 465 1319 520 1334; x_wconf 73' lang='lat' dir='ltr'>altera</span> <span class='ocrx_word' id='word_1_359' title='bbox 537 1318 594 1333; x_wconf 89' lang='lat' dir='ltr'>unitas</span> <span class='ocrx_word' id='word_1_360' title='bbox 606 1323 629 1333; x_wconf 76' lang='lat' dir='ltr'>ex</span> <span class='ocrx_word' id='word_1_361' title='bbox 641 1318 756 1333; x_wconf 72' lang='lat' dir='ltr'>antecedente</span> <span class='ocrx_word' id='word_1_362' title='bbox 770 1317 913 1336; x_wconf 85' lang='lat' dir='ltr'>multiplicatione</span> <span class='ocrx_word' id='word_1_363' title='bbox 925 1319 1034 1336; x_wconf 82' lang='lat' dir='ltr'>pervenerat,</span> 
     </span>
    </p>
   </div>
   <div class='ocr_carea' id='block_1_12' title="bbox 390 1360 1035 1396">
    <p class='ocr_par' dir='ltr' id='par_1_12' title="bbox 390 1360 1035 1396">
     <span class='ocr_line' id='line_1_45' title="bbox 424 1360 1035 1378; baseline -0.005 -3"><span class='ocrx_word' id='word_1_364' title='bbox 424 1364 441 1375; x_wconf 81' lang='lat' dir='ltr'>n.</span> <span class='ocrx_word' id='word_1_365' title='bbox 453 1363 464 1375; x_wconf 70' lang='lat'>5,</span> <span class='ocrx_word' id='word_1_366' title='bbox 474 1370 491 1372; x_wconf 27' lang='grc' dir='ltr'><em>ἠ</em></span> <span class='ocrx_word' id='word_1_367' title='bbox 501 1366 512 1375; x_wconf 59' lang='grc' dir='ltr'>ν,</span> <span class='ocrx_word' id='word_1_368' title='bbox 522 1363 552 1374; x_wconf 72' lang='lat' dir='ltr'>Bal:</span> <span class='ocrx_word' id='word_1_369' title='bbox 562 1362 620 1378; x_wconf 58' lang='lat' dir='ltr'>aptandis</span> <span class='ocrx_word' id='word_1_370' title='bbox 633 1362 654 1376; x_wconf 48' lang='grc' dir='ltr'>(Ξ</span> <span class='ocrx_word' id='word_1_371' title='bbox 665 1362 718 1377; x_wconf 64' lang='lat' dir='ltr'>aptandi</span> <span class='ocrx_word' id='word_1_372' title='bbox 728 1362 744 1377; x_wconf 63' lang='lat' dir='ltr'>si)</span> <span class='ocrx_word' id='word_1_373' title='bbox 757 1361 773 1373; x_wconf 69' lang='lat' dir='ltr'>ef,</span> <span class='ocrx_word' id='word_1_374' title='bbox 783 1365 821 1377; x_wconf 69' lang='lat' dir='ltr'>supm</span> <span class='ocrx_word' id='word_1_375' title='bbox 831 1361 866 1376; x_wconf 71' lang='lat'>11-3,</span> <span class='ocrx_word' id='word_1_376' title='bbox 874 1360 885 1373; x_wconf 81' lang='lat' dir='ltr'>b.</span> <span class='ocrx_word' id='word_1_377' title='bbox 897 1367 914 1369; x_wconf 20' lang='lat' dir='ltr'>a</span> <span class='ocrx_word' id='word_1_378' title='bbox 928 1364 938 1373; x_wconf 62' lang='lat' dir='ltr'>s.</span> <span class='ocrx_word' id='word_1_379' title='bbox 949 1360 979 1372; x_wconf 70' lang='lat' dir='ltr'>Bal:</span> <span class='ocrx_word' id='word_1_380' title='bbox 989 1360 1035 1372; x_wconf 62' lang='lat' dir='ltr'>vincti,</span> 
     </span>
     <span class='ocr_line' id='line_1_46' title="bbox 390 1380 692 1396; baseline -0.01 -2"><span class='ocrx_word' id='word_1_381' title='bbox 390 1389 405 1390; x_wconf 30' lang='grc' dir='ltr'><strong>ἡ</strong></span> <span class='ocrx_word' id='word_1_382' title='bbox 416 1381 425 1394; x_wconf 64' lang='grc' dir='ltr'>ἑ,</span> <span class='ocrx_word' id='word_1_383' title='bbox 435 1381 466 1393; x_wconf 61' lang='grc' dir='ltr'>Πεὼ</span> <span class='ocrx_word' id='word_1_384' title='bbox 476 1381 552 1396; x_wconf 77' lang='lat' dir='ltr'>multiplica.</span> <span class='ocrx_word' id='word_1_385' title='bbox 567 1387 580 1389; x_wconf 66' lang='lat'>&gt;-</span> <span class='ocrx_word' id='word_1_386' title='bbox 589 1384 603 1392; x_wconf 67' lang='lat' dir='ltr'>u.</span> <span class='ocrx_word' id='word_1_387' title='bbox 613 1380 643 1392; x_wconf 75' lang='lat' dir='ltr'>Bal:</span> <span class='ocrx_word' id='word_1_388' title='bbox 653 1380 692 1392; x_wconf 80' lang='lat' dir='ltr'>idem.</span> 
     </span>
    </p>
   </div>
  </div>
 </body>
</html>
