1346 1723
449 307 551 319 Commemmus
561 307 574 318 in
584 307 623 318 emb.
634 310 660 322 rgg.
671 307 739 321 secundus,
750 310 761 322 3.
901 309 924 321 271

281 346 361 366 quaterni
373 346 411 362 sive
424 349 485 366 quater
497 348 526 362 XL
539 355 558 357 —-
572 348 584 362 C
596 348 614 361 et
625 348 657 362 LX.
682 346 711 361 Ad
723 346 795 361 eandem
804 345 876 361 foi-mam
889 345 926 365 qui-

281 373 338 388 narius
351 378 382 393 per
395 372 490 392 quinarium
502 373 624 392 multiplicetur
636 376 653 388 et
662 372 703 388 fient
712 374 762 390 XXV,
775 373 832 392 sitque
844 372 926 390 binarius,

281 402 312 415 XX
323 399 428 419 significans,
445 399 525 414 articulus
537 399 554 414 in
571 399 645 417 decenis,
662 399 750 419 quinarius
766 404 807 414 vero
826 399 891 419 digitus
909 399 926 414 in

281 426 402 446 singularibus.
426 426 494 441 Dentur
504 426 562 446 itaque
571 426 644 446 digitis
653 428 668 442 X
680 428 699 441 et
711 426 804 441 articulis
813 428 829 444 C,
842 428 861 441 ut
869 431 925 445 supra,

281 453 391 473 dicaturque:
408 453 522 473 quinquagies
538 453 584 473 quini
599 453 626 468 vel
641 453 732 473 quinquies
745 455 835 469 LjCCL.
859 453 925 468 Eodem
936 458 942 470 5

281 485 352 499 quoque
364 480 415 495 modo
429 480 505 495 senarius
522 480 580 495 sexies
597 480 658 495 ductus
671 479 713 494 facit
723 481 793 495 XXXVI
805 479 880 499 ideoque
892 482 925 494 ter-

282 507 339 522 narius
352 506 369 522 in
385 506 454 522 decenis
471 506 600 522 constituendus
613 508 644 524 est,
660 506 750 521 articulum
762 508 808 522 XXX
821 506 925 526 significans,

282 536 299 548 et
311 533 389 548 senarius
404 533 421 548 in
436 533 551 553 singularibus
568 533 637 553 digitus,
656 533 686 548 sed
702 533 719 548 in
736 533 870 548 commutatione
882 533 925 553 digi-

282 562 339 575 torum
351 560 368 575 in
380 560 448 575 decenis
462 562 479 575 et
491 560 600 575 articulorum
616 560 633 575 in
645 560 721 575 centenis
734 560 879 580 pronuntiandum
891 562 925 575 est:

282 587 363 607 sexagies
376 587 413 602 seni
429 587 456 602 vel
472 587 530 602 sexies
543 589 678 603 LXfiCCCLX.
702 586 800 602 Secundum
815 587 859 601 hunc
875 586 925 601 ritum
938 591 953 600 ιο

282 613 399 633 septenarium
411 618 481 633 quoque
493 613 558 633 septies
574 613 635 629 metire
647 616 664 629 et
676 613 719 628 fiunt
731 615 788 631 XLIX,
805 613 872 633 eritque
884 618 926 632 qua-

281 640 365 655 ternarius
378 640 395 655 in
407 640 477 655 decenis
489 640 570 655 articulus
583 643 600 655 et
612 640 716 655 novenarius
729 640 746 655 in
756 640 871 660 singularibus
883 640 926 660 digi-

282 669 314 685 tus,
327 667 394 687 quibus,
407 669 425 682 ut
437 672 493 687 supra,
506 667 523 682 in
536 667 605 682 decenis
617 669 635 682 et
647 667 723 682 centenis
732 667 834 687 permutatis
847 667 925 682 enuntia:

282 694 382 714 septuagies
395 696 462 713 septem
474 694 501 709 vel
513 694 578 713 septies
591 696 635 709 LXX
643 704 661 706 e
670 696 756 710 ccccxc
781 693 862 708 Similiter
874 693 925 708 etiam

282 720 381 735 octonarius
393 720 410 735 in
423 725 441 735 se
453 721 534 735 reductus
546 722 607 736 LXHH
623 721 644 735 de
660 725 679 735 se
694 720 786 740 generabit
798 725 887 740 ponesque
900 724 926 735 se-
939 725 952 737 ¹5

281 747 347 762 narium
363 752 395 767 pro
411 747 483 762 articulo
497 747 514 762 in
531 747 600 762 decenis
616 749 633 762 et
650 747 778 767 quaternarium
793 752 825 767 pro
838 746 897 766 digitis
909 746 926 761 in

282 773 406 793 singularibus:
419 778 517 793 rursusque,
530 774 573 788 dans
585 773 658 794 digitis
670 776 685 789 X
697 776 717 789 et
729 773 823 788 articulis
836 775 852 791 C,
870 773 926 788 dices:

283 800 361 820 octogies
370 800 428 815 octoni
437 800 464 815 vel
473 800 526 815 octies
538 802 597 816 LXXX
605 810 623 812 4
632 802 694 816 DCXL.
717 800 826 815 Novenarius
835 803 927 820 praetcrea

282 826 343 842 novies
355 827 476 846 multiplicatus
489 827 584 842 concrescit
596 827 613 842 in
626 829 685 842 LXXX
693 829 711 842 et
719 828 731 844 Ι,
744 831 816 846 quorum
827 826 926 841 octonarius

283 853 397 869 constituatur
409 854 425 868 in
438 853 507 869 decenis
519 853 600 869 articulus
613 856 630 869 et
642 858 686 869 unus
698 853 715 868 in
729 853 845 873 singularibus
857 853 925 873 digitus.
937 859 954 868 zo

283 880 318 895 Sed
334 880 404 895 reflexis
419 880 460 895 item
476 880 535 900 digitis
551 881 573 895 ad
588 881 663 896 decenos
680 883 697 895 et
713 880 789 895 articulis
805 880 827 895 ad
843 882 926 895 centenos

283 907 404 927 significabunt
415 907 500 927 nonagies
516 912 578 922 novem
594 907 621 922 vel
636 907 696 922 novies
711 908 849 923 XC—DCCCX.
872 906 926 921 Vides

282 934 340 954 igitur,
357 934 444 953 quomodo
461 934 483 949 de
498 934 557 953 primis
572 934 743 954 multiplicationibus
759 933 874 953 singularibus
887 938 926 948 con-

283 963 362 975 crescunt
380 960 513 980 multipliciores.
537 960 565 975 Sic
584 965 657 980 namque
676 965 707 980 per
724 960 792 975 minima
810 960 927 980 intelliguntur

282 987 362 1002 maxima.
387 986 437 1006 Quod
454 987 468 1002 si
484 987 529 1002 idern
545 987 641 1002 alternatim
657 987 741 1006 simulque
755 986 854 1007 permixtim
867 986 927 1001 sollers
937 992 953 1005 23

282 1014 359 1029 invenire
372 1014 425 1029 lector
437 1014 532 1032 desideras,
548 1014 581 1028 hoc
597 1013 690 1034 instigatus
706 1013 786 1033 exemplo
799 1013 844 1028 nullo
856 1012 927 1028 frustra-

283 1040 329 1055 beris
342 1040 437 1056 obstaculo.
461 1040 498 1055 Nos
510 1044 567 1055 autem
581 1040 615 1060 jam
627 1045 672 1055 nunc
685 1041 706 1055 ad
715 1040 805 1060 sequentia
818 1040 874 1055 stilum
886 1044 927 1054 eon>

283 1070 376 1082 vertamus.

329 1099 342 1112 34
355 1093 376 1109 Si
388 1094 486 1109 decenum
498 1099 534 1114 per
547 1094 652 1112 decenum,
670 1094 727 1109 dabis
738 1093 847 1113 unicuique
860 1093 926 1113 digito

284 1123 296 1137 C
308 1123 327 1136 et
342 1121 395 1135 omni
411 1121 499 1136 articulo
512 1122 534 1136 1⁴.
562 1121 650 1136 Decenurn
668 1125 700 1140 per
716 1121 799 1136 decenum
814 1120 927 1140 multiplicare
938 1126 954 1138 30

283 1150 315 1165 est,
328 1152 365 1162 cum
378 1147 395 1162 in
407 1152 441 1162 una
454 1147 549 1167 eademque
561 1148 602 1162 sede
615 1148 648 1162 duo
665 1147 735 1167 quilibet
747 1147 808 1162 horum
821 1149 927 1162 caracterum

283 1174 415 1192 constituuntur,
431 1179 475 1189 unus
490 1174 571 1189 videlicet
587 1174 707 1194 multiplicator
723 1179 776 1193 supra
788 1176 805 1189 et
817 1173 860 1189 alter
872 1173 927 1188 multi-

283 1200 372 1221 plicandus
384 1200 433 1216 infra.
458 1200 509 1220 Quod
524 1206 566 1216 vero
583 1206 606 1216 ex
620 1200 717 1221 hujusmodi
733 1200 874 1220 multiplicatione
887 1205 927 1215 con-

283 1227 360 1245 creverit,
377 1227 391 1242 si
408 1227 460 1242 fuerit
478 1227 543 1247 digitus
561 1227 597 1242 sive
615 1227 695 1242 articulus
713 1227 750 1242 sive
765 1229 857 1246 utrumque
873 1226 926 1245 simul,

283 1254 347 1274 digitus
360 1254 432 1273 quidem,
445 1256 464 1269 ut
472 1254 524 1274 prius,
537 1254 554 1269 in
563 1254 683 1274 singularibus,
692 1253 772 1269 articulus
781 1258 823 1269 vero
832 1253 849 1268 in
858 1253 927 1268 decenis
938 1259 953 1272 35

284 1280 388 1300 disponetur.
412 1280 490 1300 itemque
506 1280 564 1301 digitis
581 1281 629 1295 dabis
642 1282 654 1296 C
666 1283 684 1295 et
700 1280 775 1295 articulis
788 1282 800 1298 I,
817 1280 850 1295 hoc
866 1282 893 1295 est
905 1280 927 1295 de

283 1307 342 1327 primis
354 1307 424 1322 sedibus
436 1307 525 1322 amovebis
538 1307 602 1327 digitos
618 1307 635 1322 in
648 1307 724 1322 centenis
741 1309 758 1322 et
769 1307 850 1322 articulos
863 1307 880 1322 in
892 1306 927 1321 inil-

283 1333 329 1349 lenis,
353 1334 430 1349 Ponatur
442 1334 501 1353 itaque
513 1334 547 1349 tale
560 1334 662 1353 exemplum,
679 1334 695 1348 in
708 1338 741 1353 quo
754 1334 850 1349 habeamus
862 1333 927 1353 digitos

328 1399 340 1411 ψ
351 1396 369 1408 ες4
380 1396 436 1408 eomm.
448 1396 483 1412 App.
494 1396 535 1410 xcx,
546 1396 581 1411 ηιμ
592 1396 631 1408 cert,
641 1396 676 1411 aeg,
686 1397 712 1411 ω.
